@article{rybizki:2022a,
  title={A classifier for spurious astrometric solutions in Gaia EDR3},
  author={Rybizki, Jan and Green, Gregory M and Rix, Hans-Walter and El-Badry, Kareem and Demleitner, Markus and Zari, Eleonora and Udalski, Andrzej and Smart, Richard L and Gould, Andrew},
  journal={Monthly Notices of the Royal Astronomical Society},
  volume={510},
  number={2},
  pages={2597--2616},
  year={2022},
  publisher={Oxford University Press}
}

@ARTICLE{schlafly:2016a,
       author = {{Schlafly}, E.~F. and {Meisner}, A.~M. and {Stutz}, A.~M. and {Kainulainen}, J. and {Peek}, J.~E.~G. and {Tchernyshyov}, K. and {Rix}, H. -W. and {Finkbeiner}, D.~P. and {Covey}, K.~R. and {Green}, G.~M. and {Bell}, E.~F. and {Burgett}, W.~S. and {Chambers}, K.~C. and {Draper}, P.~W. and {Flewelling}, H. and {Hodapp}, K.~W. and {Kaiser}, N. and {Magnier}, E.~A. and {Martin}, N.~F. and {Metcalfe}, N. and {Wainscoat}, R.~J. and {Waters}, C.},
        title = "{The Optical-infrared Extinction Curve and Its Variation in the Milky Way}",
      journal = {\apj},
     keywords = {dust, extinction, ISM: clouds, ISM: structure, Astrophysics - Astrophysics of Galaxies, Astrophysics - Solar and Stellar Astrophysics},
         year = 2016,
        month = apr,
       volume = {821},
       number = {2},
          eid = {78},
        pages = {78},
          doi = {10.3847/0004-637X/821/2/78},
archivePrefix = {arXiv},
       eprint = {1602.03928},
 primaryClass = {astro-ph.GA},
       adsurl = {https://ui.adsabs.harvard.edu/abs/2016ApJ...821...78S},
      adsnote = {Provided by the SAO/NASA Astrophysics Data System}
}

@article{hosek:2020a,
  title={SPISEA: A Python-based Simple Stellar Population Synthesis Code for Star Clusters},
  author={Hosek Jr, Matthew W and Lu, Jessica R and Lam, Casey Y and Gautam, Abhimat K and Lockhart, Kelly E and Kim, Dongwon and Jia, Siyao},
  journal={The Astronomical Journal},
  volume={160},
  number={3},
  pages={143},
  year={2020},
  publisher={IOP Publishing}
}

@ARTICLE{minniti:2010a,
       author = {{Minniti}, D. and {Lucas}, P.~W. and {Emerson}, J.~P. and
         {Saito}, R.~K. and {Hempel}, M. and {Pietrukowicz}, P. and
         {Ahumada}, A.~V. and {Alonso}, M.~V. and {Alonso-Garcia}, J. and
         {Arias}, J.~I. and {Bandyopadhyay}, R.~M. and {Barb{\'a}}, R.~H. and
         {Barbuy}, B. and {Bedin}, L.~R. and {Bica}, E. and {Borissova}, J. and
         {Bronfman}, L. and {Carraro}, G. and {Catelan}, M. and
         {Clari{\'a}}, J.~J. and {Cross}, N. and {de Grijs}, R. and
         {D{\'e}k{\'a}ny}, I. and {Drew}, J.~E. and {Fari{\~n}a}, C. and
         {Feinstein}, C. and {Fern{\'a}ndez Laj{\'u}s}, E. and {Gamen}, R.~C. and
         {Geisler}, D. and {Gieren}, W. and {Goldman}, B. and {Gonzalez}, O.~A. and
         {Gunthardt}, G. and {Gurovich}, S. and {Hambly}, N.~C. and
         {Irwin}, M.~J. and {Ivanov}, V.~D. and {Jord{\'a}n}, A. and
         {Kerins}, E. and {Kinemuchi}, K. and {Kurtev}, R. and
         {L{\'o}pez-Corredoira}, M. and {Maccarone}, T. and {Masetti}, N. and
         {Merlo}, D. and {Messineo}, M. and {Mirabel}, I.~F. and {Monaco}, L. and
         {Morelli}, L. and {Padilla}, N. and {Palma}, T. and {Parisi}, M.~C. and
         {Pignata}, G. and {Rejkuba}, M. and {Roman-Lopes}, A. and
         {Sale}, S.~E. and {Schreiber}, M.~R. and {Schr{\"o}der}, A.~C. and
         {Smith}, M. and {}, L. Sodr{\'e}, Jr. and {Soto}, M. and {Tamura}, M. and
         {Tappert}, C. and {Thompson}, M.~A. and {Toledo}, I. and {Zoccali}, M. and
         {Pietrzynski}, G.},
        title = "{VISTA Variables in the Via Lactea (VVV): The public ESO near-IR variability survey of the Milky Way}",
      journal = {},
     keywords = {Astrophysics - Astrophysics of Galaxies},
         year = 2010,
        month = jul,
       volume = {15},
       number = {5},
        pages = {433-443},
          doi = {10.1016/j.newast.2009.12.002},
archivePrefix = {arXiv},
       eprint = {0912.1056},
 primaryClass = {astro-ph.GA},
       adsurl = {https://ui.adsabs.harvard.edu/abs/2010NewA...15..433M},
      adsnote = {Provided by the SAO/NASA Astrophysics Data System}
}

@article{dotter:2011a,
  title={Globular Clusters in the Outer Galactic Halo: New Hubble Space Telescope/Advanced Camera for Surveys Imaging of Six Globular Clusters and the Galactic Globular Cluster Age--Metallicity Relation},
  author={Dotter, Aaron and Sarajedini, Ata and Anderson, Jay},
  journal={The Astrophysical Journal},
  volume={738},
  number={1},
  pages={74},
  year={2011},
  publisher={IOP Publishing}
}

@article{wagner:2016a,
  title={Bayesian Analysis of Two Stellar Populations in Galactic Globular Clusters. II. NGC 5024, NGC 5272, and NGC 6352},
  author={Wagner-Kaiser, Rachel and Stenning, DC and Robinson, E and Von Hippel, T and Sarajedini, Ata and Van Dyk, DA and Stein, Nathan and Jefferys, William H},
  journal={The Astrophysical Journal},
  volume={826},
  number={1},
  pages={42},
  year={2016},
  publisher={IOP Publishing}
}

@article{anderson:2008a,
  title={The ACS Survey of globular clusters. V. Generating a comprehensive star catalog for each cluster},
  author={Anderson, Jay and Sarajedini, Ata and Bedin, Luigi R and King, Ivan R and Piotto, Giampaolo and Reid, I Neill and Siegel, Michael and Majewski, Steven R and Paust, Nathaniel EQ and Aparicio, Antonio and others},
  journal={The Astronomical Journal},
  volume={135},
  number={6},
  pages={2055},
  year={2008},
  publisher={IOP Publishing}
}

@article{jia:2019a,
  title={The Galactic Center: Improved Relative Astrometry for Velocities, Accelerations, and Orbits near the Supermassive Black Hole},
  author={Jia, Siyao and Lu, Jessica R and Sakai, S and Gautam, AK and Do, T and Hosek Jr, MW and Ghez, AM and Gallego-Cano, Eulalia and Sch{\"o}del, Rainer and Hees, Aurelien and others},
  journal={The Astrophysical Journal},
  volume={873},
  number={1},
  pages={9},
  year={2019},
  publisher={IOP Publishing}
}

@article{ghez:2005b,
  title={Stellar orbits around the galactic center black hole},
  author={Ghez, AM and Salim, S and Hornstein, Seth D and Tanner, A and Lu, JR and Morris, M and Becklin, EE and Duch{\^e}ne, G},
  journal={The Astrophysical Journal},
  volume={620},
  number={2},
  pages={744},
  year={2005},
  publisher={IOP Publishing}
}

@article{gautam:2019a,
  title={An Adaptive Optics Survey of Stellar Variability at the Galactic Center},
  author={Gautam, Abhimat Krishna and Do, Tuan and Ghez, Andrea M and Morris, Mark R and Martinez, Gregory D and Hosek Jr, Matthew W and Lu, Jessica R and Sakai, Shoko and Witzel, Gunther and Jia, Siyao and others},
  journal={The Astrophysical Journal},
  volume={871},
  number={1},
  pages={103},
  year={2019},
  publisher={IOP Publishing}
}

@article{do:2019a,
  title={Relativistic redshift of the star S0-2 orbiting the Galactic Center supermassive black hole},
  author={Do, Tuan and Hees, Aurelien and Ghez, Andrea and Martinez, Gregory D and Chu, Devin S and Jia, Siyao and Sakai, Shoko and Lu, Jessica R and Gautam, Abhimat K and O’neil, Kelly Kosmo and others},
  journal={Science},
  volume={365},
  number={6454},
  pages={664--668},
  year={2019},
  publisher={American Association for the Advancement of Science}
}

@ARTICLE{lu:inprep,
  author =    {{Lu}, J. R. and others},
  journal =   {},
  number =    {},
  pages =     {},
  title =     {},
  volume =    {{}},
  year =      {in prep}
}

@article{bond:2020a,
  title={Adaptive optics with an infrared pyramid wavefront sensor at Keck},
  author={Bond, Charlotte Z and Cetre, Sylvain and Lilley, Scott and Wizinowich, Peter and Mawet, Dimitri and Chun, Mark and Wetherell, Edward and Jacobson, Shane and Lockhart, Charles and Warmbier, Eric and others},
  journal={Journal of Astronomical Telescopes, Instruments, and Systems},
  volume={6},
  number={3},
  pages={039003},
  year={2020},
  publisher={International Society for Optics and Photonics}
}

@inproceedings{wizinowich:2020a,
  title={Keck all sky precision adaptive optics},
  author={Wizinowich, Peter and Chin, J and Correia, C and Lu, J and Brown, Thomas and Casey, Kelleen and Cetre, Sylvain and Delorme, J-R and Gers, Luke and Hunter, Lisa and others},
  booktitle={Adaptive Optics Systems VII},
  volume={11448},
  pages={114480E},
  year={2020},
  organization={International Society for Optics and Photonics}
}

@article{lindegren:2012a,
  title={The astrometric core solution for the Gaia mission-Overview of models, algorithms, and software implementation},
  author={Lindegren, Lennart and Lammers, Uwe and Hobbs, David and O’Mullane, William and Bastian, Ulrich and Hern{\'a}ndez, Jos{\'e}},
  journal={Astronomy \& Astrophysics},
  volume={538},
  pages={A78},
  year={2012},
  publisher={EDP Sciences}
}

@article{gandhi:2020a,
  title={Astrometric excess noise in Gaia DR2 and the search for X-ray emitting binaries},
  author={Gandhi, Poshak and Buckley, David AH and Charles, Phil and Hodgkin, Simon and Scaringi, Simone and Knigge, Christian and Rao, Anjali},
  journal={arXiv preprint arXiv:2009.07277},
  year={2020}
}

@article{brown:2018a,
  title={Gaia Data Release 2-Summary of the contents and survey properties},
  author = {{Gaia Collaboration} and {Brown}, A.~G.~A. and {Vallenari}, A. and others},
  journal={Astronomy \& astrophysics},
  volume={616},
  pages={A1},
  year={2018},
  publisher={EDP Sciences}
}

@ARTICLE{brown:2021a,
       author = {{Gaia Collaboration} and {Brown}, A.~G.~A. and {Vallenari}, A. and others},
        title = "{Gaia Early Data Release 3. Summary of the contents and survey properties}",
      journal = {Astronomy \& astrophysics},
     keywords = {catalogs, astrometry, parallaxes, proper motions, techniques: photometric, techniques: radial velocities, Astrophysics - Astrophysics of Galaxies},
         year = 2021,
       volume = {649},
          eid = {A1},
        pages = {A1},
          doi = {10.1051/0004-6361/202039657},
archivePrefix = {arXiv},
       eprint = {2012.01533},
 primaryClass = {astro-ph.GA},
       adsurl = {https://ui.adsabs.harvard.edu/abs/2021A&A...649A...1G},
      adsnote = {Provided by the SAO/NASA Astrophysics Data System}
}

@ARTICLE{Turri:inprep,
  author =    {Turri, P. and Lu, J.R. and Witzel, G. and others},
  journal =   {Journal of Astronomical Telescopes, Instruments, and Systems},
  number =    {},
  pages =     {},
  title =     "{AIROPA III: Testing Simulated and On-Sky Data}",
  volume =    {{}},
  year =      {submitted}
}

@ARTICLE{Ciurlo:inprep,
  author =    {Ciurlo, A. and Turri, P. and Witzel, G. and others},
  journal =   {Journal of Astronomical Telescopes, Instruments, and Systems},
  number =    {},
  pages =     {},
  title =     "{AIROPA II: Modeling Instrumental Aberrations for Off-Axis Point Spread Functions in Adaptive Optics}",
  volume =    {{}},
  year =      {submitted}
}

@article{yelda:2010a,
  title={Improving galactic center astrometry by reducing the effects of geometric distortion},
  author={Yelda, Sylvana and Lu, Jessica R and Ghez, Andrea M and Clarkson, Will and Anderson, Jay and Do, Tuan and Matthews, Keith},
  journal={The Astrophysical Journal},
  volume={725},
  number={1},
  pages={331},
  year={2010},
  publisher={IOP Publishing}
}

@article{lu:2008a,
  title={A disk of young stars at the galactic center as determined by individual stellar orbits},
  author={Lu, JR and Ghez, AM and Hornstein, Seth D and Morris, MR and Becklin, EE and Matthews, K},
  journal={The Astrophysical Journal},
  volume={690},
  number={2},
  pages={1463},
  year={2008},
  publisher={IOP Publishing}
}

@article{ghez:2008a,
  title={Measuring distance and properties of the Milky Way’s central supermassive black hole with stellar orbits},
  author={Ghez, AM and Salim, S and Weinberg, NN and Lu, JR and Do, Tea and Dunn, JK and Matthews, K and Morris, MR and Yelda, S and Becklin, EE and others},
  journal={The Astrophysical Journal},
  volume={689},
  number={2},
  pages={1044},
  year={2008},
  publisher={IOP Publishing}
}

@inproceedings{do:2018a,
  title={Point-spread function reconstruction for integral-field spectrograph data},
  author={Do, Tuan and Ciurlo, Anna and Witzel, Gunther and Lu, Jessica and Turri, Paolo and Fitzgerald, Michael and Campbell, Randy and Lyke, Jim and Ghez, Andrea},
  booktitle={Adaptive Optics Systems VI},
  volume={10703},
  pages={107030I},
  year={2018},
  organization={International Society for Optics and Photonics}
}

@article{hunter:2007a,
  title={Matplotlib: A 2D graphics environment},
  author={Hunter, John D},
  journal={CSE},
  volume={9},
  number={3},
  pages={90--95},
  year={2007},
  publisher={IEEE Computer Society}}

@inproceedings{witzel:2016a,
  title={The AIROPA software package: milestones for testing general relativity in the strong gravity regime with AO},
  author={Witzel, Gunther and Lu, Jessica R and Ghez, Andrea M and Martinez, Gregory D and Fitzgerald, Michael P and Britton, Matthew and Sitarski, Breann N and Do, Tuan and Campbell, Randall D and Matthews, Keith and others},
  booktitle={Adaptive Optics Systems V},
  volume={9909},
  pages={99091O},
  year={2016},
  organization={International Society for Optics and Photonics}
}
  
  @article{britton:2006a,
  title={The Anisoplanatic Point-Spread Function in Adaptive Optics},
  author={Britton, MC},
  journal={Publications of the Astronomical Society of the Pacific},
  volume={118},
  number={844},
  pages={885},
  year={2006},
  publisher={IOP Publishing}
}

@article{service:2016a,
  title={A new distortion solution for NIRC2 on the Keck II telescope},
  author={Service, M and Lu, JR and Campbell, R and Sitarski, BN and Ghez, AM and Anderson, J and others},
  journal={Publications of the Astronomical Society of the Pacific},
  volume={128},
  number={967},
  pages={095004},
  year={2016},
  publisher={IOP Publishing}
}
  
  @article{udalski:1992a,
  title={The optical gravitational lensing experiment},
  author={Udalski, Andrzej and Szymanski, M and Kaluzny, J and Kubiak, M and Mateo, Mario},
  journal={Acta Astronomica},
  volume={42},
  pages={253--284},
  year={1992}
}